<?xml version="1.0" encoding="UTF-8"?><collection xmlns="http://www.loc.gov/MARC21/slim"><record><leader>00477nam--2200193-u-4500</leader><controlfield tag="001">000056065</controlfield><controlfield tag="002">20161230</controlfield><controlfield tag="005">20161230201052</controlfield><controlfield tag="008">141208s1000------------r-----000-0-rus-d</controlfield><datafield ind1=" " ind2=" " tag="040"><subfield code="a">IFIN-HH</subfield></datafield><datafield ind1=" " ind2=" " tag="041"><subfield code="a">rus</subfield></datafield><datafield ind1=" " ind2=" " tag="080"><subfield code="a">523.4</subfield></datafield><datafield ind1="1" ind2=" " tag="100"><subfield code="a">Marov, M.Ia</subfield></datafield><datafield ind1="1" ind2="0" tag="245"><subfield code="a">Planeti solnecenoi sistemi</subfield><subfield code="c">M.ia. marov</subfield></datafield><datafield ind1=" " ind2=" " tag="260"><subfield code="a">Moskva</subfield><subfield code="b">Nauka</subfield><subfield code="c">1986</subfield></datafield><datafield ind1=" " ind2=" " tag="300"><subfield code="a">317P</subfield></datafield><datafield ind1=" " ind2=" " tag="490"><subfield code="a">Problemi Nauki I Tehniceskogo Progressa</subfield></datafield><datafield ind1=" " ind2=" " tag="852"><subfield code="a">73657</subfield><subfield code="c">523</subfield></datafield><datafield ind1=" " ind2=" " tag="CAT"><subfield code="a">Sys</subfield><subfield code="c">20141208</subfield><subfield code="h">140849</subfield></datafield></record></collection>